@online{
hilos1,
author = "Luis Durán Rodríguez",
title = "El Gran Libro del PC Interno",
year = "2007",
url = "https://books.google.com.co/books?id=g7SoQDLyXrYC&pg=PA44&dq=hilos+microprocesadores&hl=es-419&sa=X&ved=2ahUKEwih5-mh7crqAhXGnuAKHXFtCpQQ6AEwAXoECAIQAg#v=onepage&q=hilos%20microprocesadores&f=false",
urldate = "2020-07-16"
}
@online{
hilos2,
author = "José Antonio Castillo",
title = "Hilos de un procesador",
year = "2019",
url = "https://www.profesionalreview.com/2019/04/03/que-son-los-hilos-de-un-procesador/#:~:text=Qu%C3%A9%20son%20los%20hilos%20de%20procesamiento%20o%20threads,-Los%20hilos%2C%20threads&text=Podemos%20definir%20un%20hilo%20de,de%20una%20forma%20m%C3%A1s%20eficiente.",
urldate = "2020-07-16"
}
@online{
hilos3,
author = "Elías Rodríguez García",
title = "Núcleos e hilos en un procesador: qué son y en qué se diferencian",
year = "2017",
url = "https://www.elespanol.com/omicrono/tecnologia/20170707/nucleos-hilos-procesador-diferencian/229478224_0.html",
urldate = "2020-07-16"
}
@online{
hilos4,
author = "David A. Patterson and John L. Hennessy",
title = "Estructura y diseño de computadores",
year = "2018",
url = "https://books.google.com.co/books?id=YDbeDwAAQBAJ&pg=PA646&dq=hilos+procesador&hl=es-419&sa=X&ved=2ahUKEwi1jYq37srqAhXEc98KHf4FA4QQ6AEwAnoECAQQAg#v=onepage&q=hilos%20&f=false",
urldate = "2020-07-16"
}
@online{
hilos5,
author = "Bryan O'Sullivan",
title = "The history of threads",
year = "2005",
url = "http://www.serpentine.com/blog/threads-faq/the-history-of-threads/",
urldate = "2020-07-16"
}
@online{
hilos6,
author = "Pablo Turmero",
title = "Hilos de procesamiento",
year = "",
url = "https://aprendiendoarduino.wordpress.com/2016/11/13/interrupciones/",
urldate = "2020-07-16"
}